
@book
{ref,
author={Tate, John T. AND Silverman, Joseph H.},
title={Rational Points on Elliptic Curves},
publisher={Springer},
year={2015}
}
@book
{ref2,
author={Silverman, Joseph H.},
title={The Arithmetic of Elliptic Curves},
publisher={Springer},
year={2009}
}
@Article{ref3,
author={Lutz, Elisabeth},
journal={J.Reine Angew. Math.177},
title={Sur l'équation $y^2=x^3-Ax-B$ dans les corps p-adic},
year={1937},
month={},
pages={237-247},
notes={sympathique}
}
@Article{ref4,
author={Nagell, Trygve},
journal={Wid. Acad. Skrifter Oslo I},
title={Solutions de quelques problèmes dans la théorie arithmétique des cubiques planes du premier genre},
year={1935},
month={},
pages={},
notes={sympathique}
}
@Article{ref5,
author={Mordell, Louis},
journal={Proc. Camb. Philos. Soc. 21},
title={On the rational solutions of the indetermine equations of the third and fourth degrees},
year={1922},
month={},
pages={179-192},
notes={sympathique}
}
@Article{ref6,
author={Mazur, Barry},
journal={IHES Publ. Math. 47},
title={Modular Curves and the Einsenstein ideal},
year={1977},
month={},
pages={33-186},
notes={sympathique}
}
@Article{ref7,
author={Mazur, Barry},
journal={Invent. Math. 44},
title={Rational isogenies of prime degree},
year={1978},
month={},
pages={129-162},
notes={sympathique}
}
@book
{ref8,
author={Silverman, Joseph H.},
title={Advanced Topics in the Arithmetic of Elliptic Curves},
publisher={Springer},
year={2013}
}
@Article{ref9,
author={Lenstra, H.W},
journal={Annals of Math.},
title={Factoring integers with elliptic curves},
year={1987},
month={},
pages={649-673},
notes={sympathique}
}
@Article{ref10,
author={Pollard, J.M},
journal={Proc. Cambridge Philos. Soc.},
title={Theorems on factorization and primality testing},
year={1974},
month={},
pages={521-528},
notes={sympathique}
}