
@book
{ref,
author={Silverman, Joseph H. AND Tate, John T.},
title={Rational Points on Elliptic Curves},
publisher={Springer},
year={2015}
}
@book
{ref2,
author={Silverman, Joseph H.},
title={The Arithmetic of Elliptic Curves},
publisher={Springer},
year={2009}
}
@Article{ref3,
author={Lutz, Elisabeth},
journal={J.Reine Angew. Math.177},
title={Sur l'équation $y^2=x^3-Ax-B$ dans les corps $p$-adic},
year={1937},
month={},
pages={237-247},
notes={sympathique}
}
@Article{ref4,
author={Nagell, Trygve},
journal={Wid. Acad. Skrifter Oslo I},
title={Solutions de quelques problèmes dans la théorie arithmétique des cubiques planes du premier genre},
year={1935},
month={},
pages={},
notes={sympathique}
}
@Article{ref5,
author={Mordell, Louis},
journal={Proc. Camb. Philos. Soc. 21},
title={On the rational solutions of the indetermine equations of the third and fourth degrees},
year={1922},
month={},
pages={179-192},
notes={sympathique}
}
@Article{ref6,
author={Mazur, Barry},
journal={IHES Publ. Math. 47},
title={Modular Curves and the Einsenstein ideal},
year={1977},
month={},
pages={33-186},
notes={sympathique}
}
@Article{ref7,
author={Mazur, Barry},
journal={Invent. Math. 44},
title={Rational isogenies of prime degree},
year={1978},
month={},
pages={129-162},
notes={sympathique}
}
@book
{ref8,
author={Silverman, Joseph H.},
title={Advanced Topics in the Arithmetic of Elliptic Curves},
publisher={Springer},
year={1994}
}
@Article{ref9,
author={Lenstra, Hendrick},
journal={Annals of Math.},
title={Factoring integers with elliptic curves},
year={1987},
month={},
pages={649-673},
notes={sympathique}
}
@Article{ref10,
author={Pollard, J.M},
journal={Proc. Cambridge Philos. Soc.},
title={Theorems on factorization and primality testing},
year={1974},
month={},
pages={521-528},
notes={sympathique}
}
@book
{ref11,
author={Koblitz, Neal},
title={A course in Number Theory and Cryptography},
publisher={Springer},
year={1994}
}
@Article{ref12,
author={Koblitz, Neal},
journal={Mathematics of Computation},
title={Elliptic curve cryptosystems},
year={1987},
month={},
pages={203-209},
notes={sympathique}
}
@Article{ref13,
author={Miller, Victor},
journal={Proc. Cambridge Philos. Soc.},
title={Use of elliptic curves in cryptography},
year={1985},
month={},
pages={417-426},
notes={sympathique}
}
@Article{ref15,
author={Hasse, Helmut},
journal={Journal de Crelle},
title={Zur Theorie der abstrakten elliptischen Funktionenkörper. I, II  III},
year={1936},
month={},
pages={175},
notes={sympathique}
}

@book
{ref16,
author={Hoffstein, J. AND Pipher, J. AND Silverman, J.},
title={An Introduction to Mathematical Cryptography},
publisher={Springer},
year={2008}
}
@Article{ref17,
author={Montgomery, Peter},
journal={Mathematics of Computation},
title={Speeding the Pollard and Elliptic Curve Methods of Factorization},
year={1987},
month={},
pages={243-264},
notes={sympathique}
}
@Article{ref18,
author={Schoof, Renée},
journal={Journal Théorie Nombres Bordeaux},
title={ Counting Points on Elliptic Curves over Finite Fields},
year={1995},
month={},
pages={219-254},
notes={sympathique}
}
@Article{ref19,
author={Atkin, A.O.L. and Morain,F.},
journal={Mathematics of Computation},
title={Elliptic curves and primality proving},
year={1993},
month={Juillet},
pages={29-68},
notes={sympathique}
}
@book
{ref20,
author={Chafarevitch, Igor},
title={Basic Algebraic Geometry I},
publisher={Springer},
year={2013}
}

@Article{ref22,
author={Diffie, W. and Hellman,M.},
journal={IEEE transactions on information theory},
title={New directions in cryptography},
year={1976},
month={Juillet},
pages={644-654},
notes={sympathique}
}
@Article{ref23,
author={Goldwasser, S. and Kilian,J.},
journal={ACM},
title={Almost all primes can be quickly certified},
year={1986},
month={Juillet},
pages={316-329},
notes={sympathique}
}
@book
{ref24,
author={Hartshorne, Robin},
title={Algebraic Geometry},
publisher={Springer},
year={1977}
}
@book
{ref25,
author={Lavrantiev, Mikhaïl AND Chabat, Boris},
title={Méthodes de la théorie des fonctions d'une variable complexe},
publisher={Mir Moscou},
year={1972}
}
@book
{ref26,
author={Serre, Jean-Pierre},
title={Cours d'arithmétique},
publisher={PUF},
year={1995}
}
@book
{ref27,
author={Husemoller, Dale},
title={Elliptic Curves},
publisher={Springer},
year={1975}
}
@book
{ref28,
author={Caldero, Philippe and Germoni, Jérôme},
title={Nouvelles histoires hédonistes de groupes et de géométries},
publisher={Calvage et Mounet},
year={2017}
}
@book
{ref29,
author={Chabat, Boris},
title={Introduction à l'analyse complexe, Tome I},
publisher={Mir Moscou},
year={1990}
}
@unpublished
{ref21,
author={Chenevier, Gaëtan},
title={Introduction aux formes modulaires},
note={Leçon à l'Ecole Normale Supérieure},
year={2015},
month={Mars}
}